@online{proton_ge,
	title = { GloriousEggroll/proton-ge-custom},
	url = {https://github.com/GloriousEggroll/proton-ge-custom},
}


@online{asseto,
	title = {Assetto Corsa},
	url = {https://store.steampowered.com/app/244210/Assetto_Corsa/},
}

@online{telem,
	title = {AC Remote Telemetry Documentation},
	url = {https://docs.google.com/document/d/1KfkZiIluXZ6mMhLWfDX1qAGbvhGRC3ZUzjVIt5FQpp4/pub},
}

@online{telem_cli,
	title = {rickwest/ac-remote-telemetry-client},
	url = {https://github.com/rickwest/ac-remote-telemetry-client/tree/master?tab=readme-ov-file},
}













